@book{bartosutton,
  title={Reinforcement learning: An introduction},
  author={Barto, Andrew G},
  year={1998},
  publisher={MIT press}
}


% Minimax
@INPROCEEDINGS{Littman94markovgames,
    author = {Michael L. Littman},
    title = {Markov games as a framework for multi-agent reinforcement learning},
    booktitle = {IN PROCEEDINGS OF THE ELEVENTH INTERNATIONAL CONFERENCE ON MACHINE LEARNING},
    year = {1994},
    pages = {157--163},
    publisher = {Morgan Kaufmann}
}

